<record><leader>00000cas a2200000 a 4500</leader><controlfield tag="001">12165939</controlfield><controlfield tag="008">850617d18911916ndudn ne      0    0eng  </controlfield><datafield ind1=" " ind2=" " tag="010"><subfield code="a">sn 85042329 </subfield></datafield><datafield ind1=" " ind2=" " tag="040"><subfield code="a">DLC</subfield><subfield code="b">eng</subfield><subfield code="c">DLC</subfield><subfield code="d">NOP</subfield><subfield code="d">HND</subfield><subfield code="d">DLC</subfield><subfield code="d">OCLCQ</subfield><subfield code="d">OCLCO</subfield><subfield code="d">OCLCF</subfield><subfield code="d">CUS</subfield><subfield code="d">DLC</subfield></datafield><datafield ind1=" " ind2=" " tag="042"><subfield code="a">pcc</subfield></datafield><datafield ind1=" " ind2=" " tag="043"><subfield code="a">n-us-nd</subfield></datafield><datafield ind1="0" ind2="0" tag="050"><subfield code="a">Newspaper</subfield></datafield><datafield ind1=" " ind2="4" tag="050"><subfield code="a">AN</subfield></datafield><datafield ind1="0" ind2=" " tag="130"><subfield code="a">Grand Forks daily herald (Grand Forks, N.D. : 1891)</subfield></datafield><datafield ind1="1" ind2="0" tag="245"><subfield code="a">Grand Forks daily herald.</subfield></datafield><datafield ind1="1" ind2="7" tag="246"><subfield code="a">Daily herald</subfield><subfield code="f">1891-Oct. 1895; 1897-1900</subfield></datafield><datafield ind1="1" ind2="7" tag="246"><subfield code="a">Herald</subfield><subfield code="f">Oct. 1895-1897</subfield></datafield><datafield ind1=" " ind2=" " tag="260"><subfield code="a">Grand Forks, N.D. :</subfield><subfield code="b">Geo. B. Winship</subfield></datafield><datafield ind1=" " ind2=" " tag="300"><subfield code="a">15 v. :</subfield><subfield code="b">ill. ;</subfield><subfield code="c">58 cm.</subfield></datafield><datafield ind1=" " ind2=" " tag="310"><subfield code="a">Daily (except Monday)</subfield></datafield><datafield ind1="0" ind2=" " tag="362"><subfield code="a">Vol. 20, no. 107 (Mar. 10, 1891)-v. 35, no. 209 (June 30, 1916).</subfield></datafield><datafield ind1=" " ind2=" " tag="500"><subfield code="a">Published every morning except Monday. The phrase "Morning edition" added to masthead: Mar. 31, 1914-June 30, 1916. An evening ed. began Mar. 30, 1914 with title: Grand Forks daily herald and the evening times. The evening ed. continues the numbering of Evening times (Grand Forks, N.D.).</subfield></datafield><datafield ind1=" " ind2=" " tag="500"><subfield code="a">Official paper: County, 1891, 1904-1905, 1913-1914; City, 1896-1901, 1906, 1912-1913.</subfield></datafield><datafield ind1=" " ind2=" " tag="515"><subfield code="a">Vol. 32, no. 293 (Oct. 9, 1913)-v. 33 no. 28 (Dec. 3, 1913) misnumbered v. 37, no. 293-v. 38, no. 28.</subfield></datafield><datafield ind1=" " ind2=" " tag="580"><subfield code="a">Evening eds: Grand Forks daily herald and the evening times, 1914, and: Grand Forks daily herald (Grand Forks, N.D. : 1914), 1914-1916.</subfield></datafield><datafield ind1=" " ind2=" " tag="580"><subfield code="a">Weekly eds: Grand Forks weekly herald, 1891-1911, and: Weekly times-herald, 1911-1916.</subfield></datafield><datafield ind1=" " ind2="0" tag="651"><subfield code="a">Grand Forks (N.D.)</subfield><subfield code="v">Newspapers.</subfield></datafield><datafield ind1=" " ind2="7" tag="651"><subfield code="a">North Dakota</subfield><subfield code="z">Grand Forks.</subfield><subfield code="2">fast</subfield><subfield code="0">(OCoLC)fst01213010</subfield></datafield><datafield ind1=" " ind2="7" tag="655"><subfield code="a">Newspapers.</subfield><subfield code="2">fast</subfield><subfield code="0">(OCoLC)fst01423814</subfield></datafield><datafield ind1=" " ind2=" " tag="752"><subfield code="a">United States</subfield><subfield code="b">North Dakota</subfield><subfield code="c">Grand Forks</subfield><subfield code="d">Grand Forks.</subfield></datafield><datafield ind1="1" ind2=" " tag="775"><subfield code="t">Grand Forks daily herald and the evening times</subfield><subfield code="x">2379-1160</subfield><subfield code="w">(DLC)sn 89074404</subfield><subfield code="w">(OCoLC)20697142</subfield></datafield><datafield ind1="1" ind2=" " tag="775"><subfield code="t">Grand Forks daily herald (Grand Forks, N.D. : 1914)</subfield><subfield code="x">2379-1187</subfield><subfield code="w">(DLC)sn 89074405</subfield><subfield code="w">(OCoLC)20697161</subfield></datafield><datafield ind1="1" ind2=" " tag="775"><subfield code="t">Grand Forks weekly herald</subfield><subfield code="w">(DLC)sn 89074423</subfield></datafield><datafield ind1="1" ind2=" " tag="775"><subfield code="t">Weekly times-herald (Grand Forks, N.D)</subfield><subfield code="w">(DLC)sn 89074400</subfield></datafield><datafield ind1="0" ind2="0" tag="780"><subfield code="t">Daily herald (Grand Forks, N.D. : 1888)</subfield><subfield code="w">(DLC)sn 89074403</subfield><subfield code="w">(OCoLC)20696950</subfield></datafield><datafield ind1="0" ind2="0" tag="785"><subfield code="t">Grand Forks herald (Grand Forks, N.D. : 1916 : Morning)</subfield><subfield code="w">(DLC)sn 83009194</subfield></datafield><datafield ind1="4" ind2="1" tag="856"><subfield code="3">1891-03-10 to 1900-12-30</subfield><subfield code="u">http://infoweb.newsbank.com/?db=EANX&amp;s_browseRef=decades/1126151DAB85F7C0/all.xml</subfield></datafield><datafield ind1="1" ind2=" " tag="029"><subfield code="a">AU@</subfield><subfield code="b">000020379975</subfield></datafield></record>